<record><leader>00000cas a22000007a 4500</leader><controlfield tag="001">16798914</controlfield><controlfield tag="008">871002d18991899ohuwr ne      0    0eng d</controlfield><datafield ind1=" " ind2=" " tag="010"><subfield code="a">sn 87076709 </subfield></datafield><datafield ind1=" " ind2=" " tag="040"><subfield code="a">ONP</subfield><subfield code="b">eng</subfield><subfield code="c">ONP</subfield><subfield code="d">OCLCQ</subfield></datafield><datafield ind1=" " ind2=" " tag="042"><subfield code="a">msc</subfield></datafield><datafield ind1="0" ind2="0" tag="245"><subfield code="a">Toledo Saturday night.</subfield></datafield><datafield ind1=" " ind2=" " tag="260"><subfield code="a">Toledo, Ohio :</subfield><subfield code="b">C.C. Packard,</subfield><subfield code="c">1899.</subfield></datafield><datafield ind1=" " ind2=" " tag="310"><subfield code="a">Weekly</subfield></datafield><datafield ind1="0" ind2=" " tag="362"><subfield code="a">Vol. 1, no. 1 (Apr. 22, 1899)-v. 1, no. 20 (Sept. 9, 1899).</subfield></datafield><datafield ind1=" " ind2=" " tag="500"><subfield code="a">"A paper devoted to the reforms advocated by Major S.M. Jones."</subfield></datafield><datafield ind1=" " ind2=" " tag="752"><subfield code="a">United States</subfield><subfield code="b">Ohio</subfield><subfield code="c">Lucas</subfield><subfield code="d">Toledo.</subfield></datafield><datafield ind1="0" ind2="0" tag="785"><subfield code="t">Toledo non-partisan and Saturday night</subfield><subfield code="w">(DLC)sn 87076710</subfield></datafield></record>